@inproceedings{Jin:2019:AEN:3292500.3330648,
	author = {Jin, Haifeng and Song, Qingquan and Hu, Xia},
	title = {Auto-Keras\&\#58; An Efficient Neural Architecture Search System},
	booktitle = {Proceedings of the 25th ACM SIGKDD International Conference on Knowledge Discovery \& Data Mining},
	series = {KDD '19},
	year = {2019},
	isbn = {978-1-4503-6201-6},
	location = {Anchorage, AK, USA},
	pages = {1946--1956},
	numpages = {11},
	url = {http://doi.acm.org/10.1145/3292500.3330648},
	doi = {10.1145/3292500.3330648},
	acmid = {3330648},
	publisher = {ACM},
	address = {New York, NY, USA},
	keywords = {automated machine learning, automl, bayesian optimization, network morphis, neural architecture search},
} 

@inproceedings{suganuma2017genetic,
	title={A genetic programming approach to designing convolutional neural network architectures},
	author={Suganuma, Masanori and Shirakawa, Shinichi and Nagao, Tomoharu},
	booktitle={Proceedings of the Genetic and Evolutionary Computation Conference},
	pages={497--504},
	year={2017},
	organization={ACM}
}

@inproceedings{45826,
	title	= {Neural Architecture Search with Reinforcement Learning},
	author	= {Barret Zoph and Quoc V. Le},
	year	= {2017},
	URL	= {https://arxiv.org/abs/1611.01578}
}



@inproceedings{yang2019oboe,
	title={OBOE: Collaborative Filtering for AutoML Model Selection},
	author={Yang, Chengrun and Akimoto, Yuji and Kim, Dae Won and Udell, Madeleine},
	booktitle={Proceedings of the 25th ACM SIGKDD International Conference on Knowledge Discovery \& Data Mining},
	pages={1173--1183},
	year={2019},
	organization={ACM}
}

@inproceedings{chen2018autostacker,
	title={Autostacker: A compositional evolutionary learning system},
	author={Chen, Boyuan and Wu, Harvey and Mo, Warren and Chattopadhyay, Ishanu and Lipson, Hod},
	booktitle={Proceedings of the Genetic and Evolutionary Computation Conference},
	pages={402--409},
	year={2018},
	organization={ACM}
}

@inproceedings{drori2018alphad3m,
	title={AlphaD3M: Machine learning pipeline synthesis},
	author={Drori, Iddo and Krishnamurthy, Yamuna and Rampin, Remi and de Paula Lourenco, Raoni and Ono, Jorge Piazentin and Cho, Kyunghyun and Silva, Claudio and Freire, Juliana},
	booktitle={AutoML Workshop at ICML},
	year={2018}
}

@techreport{kim2008sparse,
	title={Sparse nonnegative matrix factorization for clustering},
	author={Kim, Jingu and Park, Haesun},
	year={2008},
	institution={Georgia Institute of Technology}
}

@inproceedings{Cunha:2018:CRC:3240323.3240378,
	author = {Cunha, Tiago and Soares, Carlos and de Carvalho, Andr{\'e} C. P. L. F.},
	title = {CF4CF: Recommending Collaborative Filtering Algorithms Using Collaborative Filtering},
	booktitle = {Proceedings of the 12th ACM Conference on Recommender Systems},
	series = {RecSys '18},
	year = {2018},
	isbn = {978-1-4503-5901-6},
	location = {Vancouver, British Columbia, Canada},
	pages = {357--361},
	numpages = {5},
	url = {http://doi.acm.org/10.1145/3240323.3240378},
	doi = {10.1145/3240323.3240378},
	acmid = {3240378},
	publisher = {ACM},
	address = {New York, NY, USA},
	keywords = {collaborative filtering, label ranking, metalearning},
} 

@inproceedings{xu2003document,
	title={Document clustering based on non-negative matrix factorization},
	author={Xu, Wei and Liu, Xin and Gong, Yihong},
	booktitle={Proceedings of the 26th annual international ACM SIGIR conference on Research and development in informaion retrieval},
	pages={267--273},
	year={2003},
	organization={ACM}
}

@article{turkmen2015review,
	title={A review of nonnegative matrix factorization methods for clustering},
	author={T{\"u}rkmen, Ali Caner},
	journal={arXiv preprint arXiv:1507.03194},
	year={2015}
}

@inproceedings{fusi2018probabilistic,
	title={Probabilistic matrix factorization for automated machine learning},
	author={Fusi, Nicolo and Sheth, Rishit and Elibol, Melih},
	booktitle={Advances in Neural Information Processing Systems},
	pages={3352--3361},
	year={2018}
}

@inproceedings{thornton2013auto,
  title={{Auto-WEKA: Combined selection and hyperparameter optimization of classification algorithms}},
  author={Thornton, Chris and Hutter, Frank and Hoos, Holger H and Leyton-Brown, Kevin},
  booktitle={Proceedings of the 19th ACM SIGKDD International Conference on Knowledge Discovery and Data Mining},
  pages={847--855},
  year={2013},
  organization={ACM}
}

@inproceedings{gardner2018product,
	title={{Product Kernel Interpolation for Scalable Gaussian Processes}},
	author={Gardner, Jacob R and Pleiss, Geoff and Wu, Ruihan and Weinberger, Kilian Q and Wilson, Andrew Gordon},
	booktitle={AISTATS},
	year={2018}
}

@inproceedings{pfahringer2000meta,
	title={{Meta-Learning by Landmarking Various Learning Algorithms}},
	author={Pfahringer, Bernhard and Bensusan, Hilan and Giraud-Carrier, Christophe G},
	booktitle={ICML},
	pages={743--750},
	year={2000}
}

@article{balte2014meta,
	title={{Meta-learning with landmarking: A survey}},
	author={Balte, Ashvini and Pise, Nitin and Kulkarni, Parag},
	journal={International Journal of Computer Applications},
	volume={105},
	number={8},
	year={2014},
	publisher={Foundation of Computer Science}
}

@article{bergstra2012random,
	title={{Random search for hyper-parameter optimization}},
	author={Bergstra, James and Bengio, Yoshua},
	journal={Journal of Machine Learning Research},
	volume={13},
	number={Feb},
	pages={281--305},
	year={2012}
}

@InProceedings{klein17a,
	title = 	 {{Fast Bayesian Optimization of Machine Learning Hyperparameters on Large Datasets}},
	author = 	 {Aaron Klein and Stefan Falkner and Simon Bartels and Philipp Hennig and Frank Hutter},
	booktitle = 	 {Proceedings of the 20th International Conference on Artificial Intelligence and Statistics},
	pages = 	 {528--536},
	year = 	 {2017},
	editor = 	 {Aarti Singh and Jerry Zhu},
	volume = 	 {54},
	series = 	 {Proceedings of Machine Learning Research},
	address = 	 {Fort Lauderdale, FL, USA},
	month = 	 {20--22 Apr},
	publisher = 	 {PMLR},
	pdf = 	 {http://proceedings.mlr.press/v54/klein17a/klein17a.pdf},
	url = 	 {http://proceedings.mlr.press/v54/klein17a.html},
	abstract = 	 {Bayesian optimization has become a successful tool for hyperparameter optimization of machine learning algorithms, such as support vector machines or deep neural networks. Despite its success, for large datasets, training and validating a single configuration often takes hours, days, or even weeks, which limits the achievable performance. To accelerate hyperparameter optimization, we propose a generative model for the validation error as a function of training set size, which is learned during the optimization process and allows exploration of preliminary configurations on small subsets, by extrapolating to the full dataset.  We construct a Bayesian optimization procedure, dubbed FABOLAS, which models loss and training time as a function of dataset size and automatically trades off high information gain about the global optimum against computational cost. Experiments optimizing support vector machines and deep neural networks show that FABOLAS often finds high-quality solutions 10 to 100 times faster than other state-of-the-art Bayesian optimization methods or the recently proposed bandit strategy Hyperband.}
}

@inproceedings{herbrich2003fast,
	title={{Fast sparse Gaussian process methods: The informative vector machine}},
	author={Herbrich, Ralf and Lawrence, Neil D and Seeger, Matthias},
	booktitle={Advances in Neural Information Processing Systems},
	pages={625--632},
	year={2003}
}

@article{sebastiani2000maximum,
	title={{Maximum entropy sampling and optimal Bayesian experimental design}},
	author={Sebastiani, Paola and Wynn, Henry P},
	journal={Journal of the Royal Statistical Society: Series B (Statistical Methodology)},
	volume={62},
	number={1},
	pages={145--157},
	year={2000},
	publisher={Wiley Online Library}
}

@article{mackay1992information,
	title={{Information-based objective functions for active data selection}},
	author={MacKay, David JC},
	journal={Neural Computation},
	volume={4},
	number={4},
	pages={590--604},
	year={1992},
	publisher={MIT Press}
}

@inproceedings{movckus1975bayesian,
	title={{On Bayesian methods for seeking the extremum}},
	author={Mo{\v{c}}kus, J},
	booktitle={Optimization Techniques IFIP Technical Conference},
	pages={400--404},
	year={1975},
	organization={Springer}
}

@inproceedings{leite2012selecting,
	title={{Selecting classification algorithms with active testing}},
	author={Leite, Rui and Brazdil, Pavel and Vanschoren, Joaquin},
	booktitle={International Workshop on Machine Learning and Data Mining in Pattern Recognition},
	pages={117--131},
	year={2012},
	organization={Springer}
}

@article{bischl2017mlrmbo,
	title={{mlrMBO: A modular framework for model-based optimization of expensive black-box functions}},
	author={Bischl, Bernd and Richter, Jakob and Bossek, Jakob and Horn, Daniel and Thomas, Janek and Lang, Michel},
	journal={arXiv preprint arXiv:1703.03373},
	year={2017}
}

@inproceedings{feurer2014using,
	title={{Using meta-learning to initialize Bayesian optimization of hyperparameters}},
	author={Feurer, Matthias and Springenberg, Jost Tobias and Hutter, Frank},
	booktitle={International Conference on Meta-learning and Algorithm Selection},
	pages={3--10},
	year={2014},
	organization={Citeseer}
}

@article{zoph2017learning,
	title={{Learning transferable architectures for scalable image recognition}},
	author={Zoph, Barret and Vasudevan, Vijay and Shlens, Jonathon and Le, Quoc V},
	journal={arXiv preprint arXiv:1707.07012},
	year={2017}
}

@article{kandasamy2018neural,
	title={{Neural Architecture Search with Bayesian Optimisation and Optimal Transport}},
	author={Kandasamy, Kirthevasan and Neiswanger, Willie and Schneider, Jeff and Poczos, Barnabas and Xing, Eric},
	journal={arXiv preprint arXiv:1802.07191},
	year={2018}
}

@article{dunning2018works,
	title={{What Works Best When? A Systematic Evaluation of Heuristics for Max-Cut and QUBO}},
	author={Dunning, Iain and Gupta, Swati and Silberholz, John},
	journal={INFORMS Journal on Computing},
	year={2018}
}

@article{zoph2016neural,
	title={{Neural architecture search with reinforcement learning}},
	author={Zoph, Barret and Le, Quoc V},
	journal={arXiv preprint arXiv:1611.01578},
	year={2016}
}

@inproceedings{huang2010predicting,
	title={{Predicting execution time of computer programs using sparse polynomial regression}},
	author={Huang, Ling and Jia, Jinzhu and Yu, Bin and Chun, Byung-Gon and Maniatis, Petros and Naik, Mayur},
	booktitle={Advances in Neural Information Processing Systems},
	pages={883--891},
	year={2010}
}

@inproceedings{hutter2006performance,
	title={{Performance prediction and automated tuning of randomized and parametric algorithms}},
	author={Hutter, Frank and Hamadi, Youssef and Hoos, Holger H and Leyton-Brown, Kevin},
	booktitle={International Conference on Principles and Practice of Constraint Programming},
	pages={213--228},
	year={2006},
	organization={Springer}
}

@article{smith2011discovering,
	title={{Discovering the suitability of optimisation algorithms by learning from evolved instances}},
	author={Smith-Miles, Kate and van Hemert, Jano},
	journal={Annals of Mathematics and Artificial Intelligence},
	volume={61},
	number={2},
	pages={87--104},
	year={2011},
	publisher={Springer}
}

@article{hutter2014algorithm,
	title={{Algorithm runtime prediction: Methods \& evaluation}},
	author={Hutter, Frank and Xu, Lin and Hoos, Holger H and Leyton-Brown, Kevin},
	journal={Artificial Intelligence},
	volume={206},
	pages={79--111},
	year={2014},
	publisher={Elsevier}
}

@article{atkinson1996usefulness,
	title={{The usefulness of optimum experimental designs}},
	author={Atkinson, AC},
	journal={Journal of the Royal Statistical Society. Series B (Methodological)},
	pages={59--76},
	year={1996},
	publisher={JSTOR}
}

@book{atkinson2007optimum,
	title={{Optimum experimental designs, with SAS}},
	author={Atkinson, Anthony and Donev, Alexander and Tobias, Randall},
	volume={34},
	year={2007},
	publisher={Oxford University Press}
}

@article{hutter2011sequential,
  title={{Sequential Model-Based Optimization for General Algorithm Configuration.}},
  author={Hutter, Frank and Hoos, Holger H and Leyton-Brown, Kevin},
  journal={LION},
  volume={5},
  pages={507--523},
  year={2011},
  publisher={Springer}
}

@article{JMLR:v18:16-558,
	author  = {Lisha Li and Kevin Jamieson and Giulia DeSalvo and Afshin Rostamizadeh and Ameet Talwalkar},
	title   = {Hyperband: A Novel Bandit-Based Approach to Hyperparameter Optimization},
	journal = {Journal of Machine Learning Research},
	year    = {2018},
	volume  = {18},
	number  = {185},
	pages   = {1-52},
	url     = {http://jmlr.org/papers/v18/16-558.html}
}


@inproceedings{feurer2015efficient,
  title={{Efficient and robust automated machine learning}},
  author={Feurer, Matthias and Klein, Aaron and Eggensperger, Katharina and Springenberg, Jost and Blum, Manuel and Hutter, Frank},
  booktitle={Advances in Neural Information Processing Systems},
  pages={2962--2970},
  year={2015}
}

@article{OpenML2013,
author = {Vanschoren, Joaquin and van Rijn, Jan N. and Bischl, Bernd and Torgo, Luis},
title = {{OpenML: Networked Science in Machine Learning}},
journal = {SIGKDD Explorations},
volume = {15},
number = {2},
year = {2013},
pages = {49--60},
url = {http://doi.acm.org/10.1145/2641190.2641198},
doi = {10.1145/2641190.2641198},
publisher = {ACM},
address = {New York, NY, USA},
}

@article{udell2016generalized,
  title={{Generalized low rank models}},
  author={Udell, Madeleine and Horn, Corinne and Zadeh, Reza and Boyd, Stephen and others},
  journal={Foundations and Trends{\textregistered} in Machine Learning},
  volume={9},
  number={1},
  pages={1--118},
  year={2016},
  publisher={Now Publishers, Inc.}
}

@article{udell2017why,
	title={Why are Big Data Matrices Approximately Low Rank?},
	author={Udell, Madeleine and Townsend, Alex},
	journal={SIAM Mathematics of Data Science (SIMODS), to appear},
	archivePrefix = {arXiv},
	eprint = {1705.07474},
	year={2018},
}

@inproceedings{caruana2004ensemble,
	title={{Ensemble selection from libraries of models}},
	author={Caruana, Rich and Niculescu-Mizil, Alexandru and Crew, Geoff and Ksikes, Alex},
	booktitle={ICML},
	pages={18},
	year={2004},
	organization={ACM}
}

@inproceedings{caruana2006getting,
	title={{Getting the most out of ensemble selection}},
	author={Caruana, Rich and Munson, Art and Niculescu-Mizil, Alexandru},
	booktitle={ICDM},
	pages={828--833},
	year={2006},
	organization={IEEE}
}

@inproceedings{bucilua2006model,
	title={{Model compression}},
	author={Buciluǎ, Cristian and Caruana, Rich and Niculescu-Mizil, Alexandru},
	booktitle={Proceedings of the 12th ACM SIGKDD International Conference on Knowledge Discovery and Data Mining},
	pages={535--541},
	year={2006},
	organization={ACM}
}

@article{hinton2015distilling,
	title={{Distilling the knowledge in a neural network}},
	author={Hinton, Geoffrey and Vinyals, Oriol and Dean, Jeff},
	journal={arXiv preprint arXiv:1503.02531},
	year={2015}
}

@INPROCEEDINGS{wistuba2015learning,
	author={M. Wistuba and N. Schilling and L. Schmidt-Thieme},
	booktitle={IEEE International Conference on Data Science and Advanced Analytics},
	title={Learning hyperparameter optimization initializations},
	year={2015},
	volume={},
	number={},
	pages={1-10},
	doi={10.1109/DSAA.2015.7344817},
	ISSN={},
	month={Oct},}

@inbook{Olson2016EvoBio,
	author={Olson, Randal S. and Urbanowicz, Ryan J. and Andrews, Peter C. and Lavender, Nicole A. and Kidd, La Creis and Moore, Jason H.},
	editor={Squillero, Giovanni and Burelli, Paolo},
	chapter={Automating Biomedical Data Science Through Tree-Based Pipeline Optimization},
	title={Applications of Evolutionary Computation: 19th European Conference, EvoApplications 2016, Porto, Portugal, March 30 -- April 1, 2016, Proceedings, Part I},
	year={2016},
	publisher={Springer International Publishing},
	pages={123--137},
	isbn={978-3-319-31204-0},
	doi={10.1007/978-3-319-31204-0_9},
	url={http://dx.doi.org/10.1007/978-3-319-31204-0_9}
}

@ARTICLE{elhamifar2013sparse,
	author={E. Elhamifar and R. Vidal},
	journal={IEEE Transactions on Pattern Analysis and Machine Intelligence},
	title={{Sparse Subspace Clustering: Algorithm, Theory, and Applications}},
	year={2013},
	volume={35},
	number={11},
	pages={2765-2781},
	doi={10.1109/TPAMI.2013.57},
	ISSN={0162-8828},
	month={Nov},}

@article{liu2017progressive,
	title={{Progressive neural architecture search}},
	author={Liu, Chenxi and Zoph, Barret and Shlens, Jonathon and Hua, Wei and Li, Li-Jia and Fei-Fei, Li and Yuille, Alan and Huang, Jonathan and Murphy, Kevin},
	journal={arXiv preprint arXiv:1712.00559},
	year={2017}
}

@article{kingma2014adam,
  title={{Adam: A method for stochastic optimization}},
  author={Kingma, Diederik and Ba, Jimmy},
  journal={arXiv preprint arXiv:1412.6980},
  year={2014}
}

@article{misir2017alors,
  title={{Alors: An algorithm recommender system}},
  author={M{\i}s{\i}r, Mustafa and Sebag, Mich{\`e}le},
  journal={Artificial Intelligence},
  volume={244},
  pages={291--314},
  year={2017},
  publisher={Elsevier}
}
@inproceedings{bergstra2011algorithms,
	title={{Algorithms for hyper-parameter optimization}},
	author={Bergstra, James S and Bardenet, R{\'e}mi and Bengio, Yoshua and K{\'e}gl, Bal{\'a}zs},
	booktitle={Advances in Neural Information Processing Systems},
	pages={2546--2554},
	year={2011}
}

@inproceedings{bergstra2013hyperopt,
  title={{HyperOpt: A python library for optimizing the hyperparameters of machine learning algorithms}},
  author={Bergstra, James and Yamins, Dan and Cox, David D},
  booktitle={Proceedings of the 12th Python in Science Conference},
  pages={13--20},
  year={2013}
}

@inproceedings{bolukbasi2017adaptive,
	title={{Adaptive neural networks for efficient inference}},
	author={Bolukbasi, Tolga and Wang, Joseph and Dekel, Ofer and Saligrama, Venkatesh},
	booktitle={ICML},
	pages={527--536},
	year={2017}
}

@inproceedings{nan2017adaptive,
	title={{Adaptive Classification for Prediction Under a Budget}},
	author={Nan, Feng and Saligrama, Venkatesh},
	booktitle={Advances in Neural Information Processing Systems},
	pages={4730--4740},
	year={2017}
}

@inproceedings{chen2012classifier,
	title={{Classifier cascade for minimizing feature evaluation cost}},
	author={Chen, Minmin and Xu, Zhixiang and Weinberger, Kilian and Chapelle, Olivier and Kedem, Dor},
	booktitle={Artificial Intelligence and Statistics},
	pages={218--226},
	year={2012}
}

@inproceedings{trapeznikov2013supervised,
	title={{Supervised sequential classification under budget constraints}},
	author={Trapeznikov, Kirill and Saligrama, Venkatesh},
	booktitle={Artificial Intelligence and Statistics},
	pages={581--589},
	year={2013}
}

@inproceedings{weiss2013dynamic,
	title={{Dynamic structured model selection}},
	author={Weiss, David and Sapp, Benjamin and Taskar, Ben},
	booktitle={ICCV},
	pages={2656--2663},
	year={2013},
	organization={IEEE}
}

@inproceedings{kusner2014feature,
	title={{Feature-Cost Sensitive Learning with Submodular Trees of Classifiers}},
	author={Kusner, Matt J and Chen, Wenlin and Zhou, Quan and Xu, Zhixiang Eddie and Weinberger, Kilian Q and Chen, Yixin},
	booktitle={AAAI},
	pages={1939--1945},
	year={2014}
}

@inproceedings{bardenet2013collaborative,
	title={{Collaborative hyperparameter tuning}},
	author={Bardenet, R{\'e}mi and Brendel, M{\'a}ty{\'a}s and K{\'e}gl, Bal{\'a}zs and Sebag, Michele},
	booktitle={ICML},
	pages={199--207},
	year={2013}
}

@inproceedings{stern2010collaborative,
	title={{Collaborative Expert Portfolio Management}},
	author={Stern, David H and Samulowitz, Horst and Herbrich, Ralf and Graepel, Thore and Pulina, Luca and Tacchella, Armando},
	booktitle={AAAI},
	pages={179--184},
	year={2010}
}

@inproceedings{yogatama2014efficient,
	title={{Efficient transfer learning method for automatic hyperparameter tuning}},
	author={Yogatama, Dani and Mann, Gideon},
	booktitle={Artificial Intelligence and Statistics},
	pages={1077--1085},
	year={2014}
}

@inproceedings{weimer2008cofi,
  title={{Cofi rank---maximum margin matrix factorization for collaborative ranking}},
  author={Weimer, Markus and Karatzoglou, Alexandros and Le, Quoc V and Smola, Alex J},
  booktitle={Advances in neural information processing systems},
  pages={1593--1600},
  year={2008}
}

@article{krause2008near,
	title={{Near-optimal sensor placements in Gaussian processes: Theory, efficient algorithms and empirical studies}},
	author={Krause, Andreas and Singh, Ajit and Guestrin, Carlos},
	journal={Journal of Machine Learning Research},
	volume={9},
	number={Feb},
	pages={235--284},
	year={2008}
}

@inproceedings{zhang2016flash,
	title={{FLASH: fast Bayesian optimization for data analytic pipelines}},
	author={Zhang, Yuyu and Bahadori, Mohammad Taha and Su, Hang and Sun, Jimeng},
	booktitle={Proceedings of the 22nd ACM SIGKDD International Conference on Knowledge Discovery and Data Mining},
	pages={2065--2074},
	year={2016},
	organization={ACM}
}

@article{john1975d,
	title={{D-optimality for regression designs: a review}},
	author={John, RC St and Draper, Norman R},
	journal={Technometrics},
	volume={17},
	number={1},
	pages={15--23},
	year={1975},
	publisher={Taylor \& Francis}
}

@article{lemke2015metalearning,
	title={{Metalearning: a survey of trends and technologies}},
	author={Lemke, Christiane and Budka, Marcin and Gabrys, Bogdan},
	journal={Artificial Intelligence Review},
	volume={44},
	number={1},
	pages={117--130},
	year={2015},
	publisher={Springer}
}

@article{wolpert1996lack,
	title={{The lack of a priori distinctions between learning algorithms}},
	author={Wolpert, David H},
	journal={Neural Computation},
	volume={8},
	number={7},
	pages={1341--1390},
	year={1996},
	publisher={MIT Press}
}

@article{wald1943efficient,
	title={{On the efficient design of statistical investigations}},
	author={Wald, Abraham},
	journal={The Annals of Mathematical Statistics},
	volume={14},
	number={2},
	pages={134--140},
	year={1943},
	publisher={JSTOR}
}

@article{mood1946hotelling,
	title={{On Hotelling's weighing problem}},
	author={Mood, Alexander M and others},
	journal={The Annals of Mathematical Statistics},
	volume={17},
	number={4},
	pages={432--446},
	year={1946},
	publisher={Institute of Mathematical Statistics}
}

@article{scikit-learn,
 title={{Scikit-learn: Machine Learning in Python}},
 author={Pedregosa, F. and Varoquaux, G. and Gramfort, A. and Michel, V.
         and Thirion, B. and Grisel, O. and Blondel, M. and Prettenhofer, P.
         and Weiss, R. and Dubourg, V. and Vanderplas, J. and Passos, A. and
         Cournapeau, D. and Brucher, M. and Perrot, M. and Duchesnay, E.},
 journal={Journal of Machine Learning Research},
 volume={12},
 pages={2825--2830},
 year={2011}
}

@book{golub2012matrix,
  title={{Matrix computations}},
  author={Golub, Gene H and Van Loan, Charles F},
  year={2012},
  publisher={JHU Press}
}

@book{pukelsheim1993optimal,
	title={{Optimal design of experiments}},
	author={Pukelsheim, Friedrich},
	volume={50},
	year={1993},
	publisher={SIAM}
}

@book{boyd2004convex,
	title={{Convex optimization}},
	author={Boyd, Stephen and Vandenberghe, Lieven},
	year={2004},
	publisher={Cambridge University Press}
}

@inproceedings{snoek2012practical,
	title={{Practical Bayesian optimization of machine learning algorithms}},
	author={Snoek, Jasper and Larochelle, Hugo and Adams, Ryan P},
	booktitle={Advances in Neural Information Processing Systems},
	pages={2951--2959},
	year={2012}
}

@inproceedings{bartz2004tuning,
	title={{Tuning search algorithms for real-world applications: A regression tree based approach}},
	author={Bartz-Beielstein, Thomas and Markon, Sandor},
	booktitle={Congress on Evolutionary
	Computation},
	volume={1},
	pages={1111--1118},
	year={2004},
	organization={IEEE}
}

@inproceedings{
	hazan2018hyperparameter,
	title={Hyperparameter optimization: a spectral approach},
	author={Hazan, Elad and Klivans, Adam and Yuan, Yang},
	booktitle={ICLR},
	year={2018},
	url={https://openreview.net/forum?id=H1zriGeCZ},
}

@inproceedings{srinivas2009gaussian,
	author = {Srinivas, Niranjan and Krause, Andreas and Kakade, Sham and Seeger, Matthias},
	title = {{Gaussian Process Optimization in the Bandit Setting: No Regret and Experimental Design}},
	booktitle = {ICML},
	year = {2010},
	pages = {1015--1022},
} 


@book{williams2006gaussian,
	title={{Gaussian processes for machine learning}},
	author={Rasmussen, Carl Edward and Williams, Christopher KI},
	publisher={the MIT Press},
	year={2006}
}

@article{WOLPERT1992241,
title = "Stacked generalization",
journal = "Neural Networks",
volume = "5",
number = "2",
pages = "241 - 259",
year = "1992",
issn = "0893-6080",
doi = "https://doi.org/10.1016/S0893-6080(05)80023-1",
url = "http://www.sciencedirect.com/science/article/pii/S0893608005800231",
author = "David H. Wolpert",
keywords = "Generalization and induction, Combining generalizers, Learning set preprocessing, cross-validation, Error estimation and correction"
}

@misc{Dua:2017 ,
	author = "Dheeru, Dua and Karra Taniskidou, Efi",
	year = "2017",
	title = "{UCI} Machine Learning Repository",
	url = "http://archive.ics.uci.edu/ml",
	institution = "University of California, Irvine, School of Information and Computer Sciences" }
